<record><leader>00000cas a22000007a 4500</leader><controlfield tag="001">25810479</controlfield><controlfield tag="008">920513d19221925wyuwr ne      0    0eng d</controlfield><datafield ind1=" " ind2=" " tag="010"><subfield code="a">sn 92067034 </subfield></datafield><datafield ind1=" " ind2=" " tag="040"><subfield code="a">NVO</subfield><subfield code="b">eng</subfield><subfield code="c">NVO</subfield><subfield code="d">OCLCQ</subfield></datafield><datafield ind1=" " ind2=" " tag="042"><subfield code="a">msc</subfield></datafield><datafield ind1="0" ind2="4" tag="245"><subfield code="a">The Lusk herald and the Lusk standard.</subfield></datafield><datafield ind1=" " ind2=" " tag="260"><subfield code="a">Lusk, Wyo. :</subfield><subfield code="b">Lusk Herald Co.</subfield></datafield><datafield ind1=" " ind2=" " tag="300"><subfield code="a">v.</subfield></datafield><datafield ind1=" " ind2=" " tag="310"><subfield code="a">Weekly</subfield></datafield><datafield ind1="0" ind2=" " tag="362"><subfield code="a">Vol. 36, no. 38 (Mar. 17, 1922)-v. 40, no. 12 (Sept. 24, 1925).</subfield></datafield><datafield ind1=" " ind2="4" tag="651"><subfield code="a">Lusk (Wyo.)</subfield><subfield code="v">Newspapers.</subfield></datafield><datafield ind1=" " ind2="4" tag="651"><subfield code="a">Niobrara County (Wyo.)</subfield><subfield code="v">Newspapers.</subfield></datafield><datafield ind1=" " ind2=" " tag="752"><subfield code="a">United States</subfield><subfield code="b">Wyoming</subfield><subfield code="c">Niobrara</subfield><subfield code="d">Lusk.</subfield></datafield><datafield ind1="0" ind2="4" tag="780"><subfield code="t">Lusk standard</subfield><subfield code="w">(DLC)sn 92067028</subfield></datafield><datafield ind1="0" ind2="4" tag="780"><subfield code="t">Lusk herald (Lusk, Wyo. : 1907)</subfield><subfield code="w">(DLC)sn 92067029</subfield></datafield><datafield ind1="0" ind2="0" tag="785"><subfield code="t">Lusk herald-standard</subfield><subfield code="w">(DLC)sn 92067035</subfield></datafield><datafield ind1="1" ind2=" " tag="029"><subfield code="a">AU@</subfield><subfield code="b">000020711634</subfield></datafield></record>